<record><leader>00000cas a22000007a 4500</leader><controlfield tag="001">20401081</controlfield><controlfield tag="008">890927d18791880mouwr ne      0    0eng d</controlfield><datafield ind1=" " ind2=" " tag="010"><subfield code="a">sn 89067089 </subfield></datafield><datafield ind1=" " ind2=" " tag="040"><subfield code="a">MQN</subfield><subfield code="b">eng</subfield><subfield code="c">MQN</subfield><subfield code="d">OCLCQ</subfield></datafield><datafield ind1=" " ind2=" " tag="042"><subfield code="a">msc</subfield></datafield><datafield ind1="0" ind2="4" tag="245"><subfield code="a">The Edina national.</subfield></datafield><datafield ind1=" " ind2=" " tag="260"><subfield code="a">Edina, Knox County, Mo. :</subfield><subfield code="b">R. McNeill,</subfield><subfield code="c">1879-1880.</subfield></datafield><datafield ind1=" " ind2=" " tag="300"><subfield code="a">v.</subfield></datafield><datafield ind1=" " ind2=" " tag="310"><subfield code="a">Weekly</subfield></datafield><datafield ind1="0" ind2=" " tag="362"><subfield code="a">Vol. 1, no. 1 (Nov. 6, 1879)-v. 1, no. 28 (May 12, 1880).</subfield></datafield><datafield ind1=" " ind2=" " tag="752"><subfield code="a">United States</subfield><subfield code="b">Missouri</subfield><subfield code="c">Knox</subfield><subfield code="d">Edina.</subfield></datafield><datafield ind1="0" ind2="4" tag="785"><subfield code="t">Greenback post (Quincy, Ill.)</subfield></datafield></record>